<record><leader>00000cas a22000007a 4500</leader><controlfield tag="001">40842087</controlfield><controlfield tag="008">990223d19711988tnuwr ne      0    0eng d</controlfield><datafield ind1=" " ind2=" " tag="010"><subfield code="a">sn 99065746 </subfield></datafield><datafield ind1=" " ind2=" " tag="040"><subfield code="a">TGN</subfield><subfield code="b">eng</subfield><subfield code="c">TGN</subfield><subfield code="d">OCLCF</subfield><subfield code="d">OCLCO</subfield></datafield><datafield ind1="1" ind2=" " tag="029"><subfield code="a">AU@</subfield><subfield code="b">000020041900</subfield></datafield><datafield ind1=" " ind2=" " tag="042"><subfield code="a">msc</subfield></datafield><datafield ind1="0" ind2="0" tag="245"><subfield code="a">Carroll County democrat, Carroll County news.</subfield></datafield><datafield ind1="1" ind2=" " tag="246"><subfield code="i">Issues for Oct. 7, 1971-July 6, 1988 have title:</subfield><subfield code="a">Carroll County news and Carroll County democrat</subfield></datafield><datafield ind1="3" ind2="0" tag="246"><subfield code="a">Carroll County democrat</subfield></datafield><datafield ind1="3" ind2="0" tag="246"><subfield code="a">Carroll County news</subfield></datafield><datafield ind1=" " ind2=" " tag="260"><subfield code="a">Huntingdon, Tenn. :</subfield><subfield code="b">Mr. &amp; Mrs. R.C. Johnson,</subfield><subfield code="c">1971-1988.</subfield></datafield><datafield ind1=" " ind2=" " tag="300"><subfield code="a">v.</subfield></datafield><datafield ind1=" " ind2=" " tag="310"><subfield code="a">Weekly</subfield></datafield><datafield ind1="0" ind2=" " tag="362"><subfield code="a">Vol. 84, no. 32 (July 8, 1971)-v. 101, no. 27 (July 6, 1988).</subfield></datafield><datafield ind1=" " ind2="0" tag="651"><subfield code="a">Huntingdon (Tenn.)</subfield><subfield code="v">Newspapers.</subfield></datafield><datafield ind1=" " ind2="0" tag="651"><subfield code="a">Carroll County (Tenn.)</subfield><subfield code="v">Newspapers.</subfield></datafield><datafield ind1=" " ind2="7" tag="655"><subfield code="a">Newspapers.</subfield><subfield code="2">fast</subfield><subfield code="0">(OCoLC)fst01423814</subfield></datafield><datafield ind1=" " ind2="7" tag="651"><subfield code="a">Tennessee</subfield><subfield code="z">Carroll County.</subfield><subfield code="2">fast</subfield><subfield code="0">(OCoLC)fst01206691</subfield></datafield><datafield ind1=" " ind2="7" tag="651"><subfield code="a">Tennessee</subfield><subfield code="z">Huntingdon.</subfield><subfield code="2">fast</subfield><subfield code="0">(OCoLC)fst01229298</subfield></datafield><datafield ind1=" " ind2=" " tag="752"><subfield code="a">United States</subfield><subfield code="b">Tennessee</subfield><subfield code="c">Carroll</subfield><subfield code="d">Huntingdon.</subfield></datafield><datafield ind1="0" ind2="0" tag="780"><subfield code="t">Carroll County democrat (Huntingdon, Tenn.)</subfield><subfield code="w">(DLC)sn 89058115</subfield></datafield><datafield ind1="0" ind2="0" tag="785"><subfield code="t">Carroll County news</subfield><subfield code="w">(DLC)sn 99065747</subfield></datafield></record>